<?xml version="1.0" encoding="UTF-8"?><record xmlns="http://www.loc.gov/MARC21/slim" xmlns:cinclude="http://apache.org/cocoon/include/1.0" xmlns:zs="http://www.loc.gov/zing/srw/">
  <leader>00387cz  a2200133n  4500</leader>
  <controlfield tag="001">n  98930258 </controlfield>
  <controlfield tag="003">DLC</controlfield>
  <controlfield tag="005">20000801064847.0</controlfield>
  <controlfield tag="008">990305n| acannaabn          |n ana      </controlfield>
  <datafield tag="010" ind1=" " ind2=" ">
    <subfield code="a">n  98930258 </subfield>
  </datafield>
  <datafield tag="035" ind1=" " ind2=" ">
    <subfield code="a">(OCoLC)oca04963018</subfield>
  </datafield>
  <datafield tag="040" ind1=" " ind2=" ">
    <subfield code="a">DLC</subfield>
    <subfield code="b">eng</subfield>
    <subfield code="c">DLC</subfield>
    <subfield code="d">OCoLC</subfield>
  </datafield>
  <datafield tag="110" ind1="2" ind2=" ">
    <subfield code="a">Orkes Sri Maharani Ghazal</subfield>
  </datafield>
  <datafield tag="670" ind1=" " ind2=" ">
    <subfield code="a">Muzik danlagu-lagu tradisional Melayu, 1998:</subfield>
    <subfield code="b">t.p. (Orkes Sri Maharani Ghazal)</subfield>
  </datafield>
</record>